<?xml version="1.0" encoding="UTF-8"?><record xmlns="http://www.loc.gov/MARC21/slim" xmlns:cinclude="http://apache.org/cocoon/include/1.0" xmlns:zs="http://www.loc.gov/zing/srw/">
  <leader>00414nz  a2200121n  4500</leader>
  <controlfield tag="001">nr2001031667</controlfield>
  <controlfield tag="003">DLC</controlfield>
  <controlfield tag="005">20010808033129.0</controlfield>
  <controlfield tag="008">010807n| acannaabn          |n ana     c</controlfield>
  <datafield tag="010" ind1=" " ind2=" ">
    <subfield code="a">nr2001031667</subfield>
  </datafield>
  <datafield tag="040" ind1=" " ind2=" ">
    <subfield code="a">StEdNL</subfield>
    <subfield code="b">eng</subfield>
    <subfield code="c">StEdNL</subfield>
  </datafield>
  <datafield tag="110" ind1="2" ind2="0">
    <subfield code="a">Scottish Needs Assessment Programme.</subfield>
    <subfield code="b">Health Promotion Network</subfield>
  </datafield>
  <datafield tag="670" ind1=" " ind2=" ">
    <subfield code="a">Health promotion in prisons, 1999:</subfield>
    <subfield code="b">t.p. (Scottish Needs Assessment Programme, Health Promotion Network)</subfield>
  </datafield>
</record>